%YAML 1.1
%TAG !u! tag:unity3d.com,2011:
--- !u!243 &-7890923038431615798
AudioMixerGroupController:
  m_ObjectHideFlags: 0
  m_CorrespondingSourceObject: {fileID: 0}
  m_PrefabInstance: {fileID: 0}
  m_PrefabAsset: {fileID: 0}
  m_Name: SFX
  m_AudioMixer: {fileID: 24100000}
  m_GroupID: 33151c1c47b08fe4f95ab59cb0193ced
  m_Children: []
  m_Volume: a68ff18fb4427254f8e9711b3a4f8b14
  m_Pitch: 3bfe260acb701184abd61f7b9d97b5d6
  m_Send: 00000000000000000000000000000000
  m_Effects:
  - {fileID: -7873149656778105228}
  m_UserColorIndex: 0
  m_Mute: 0
  m_Solo: 0
  m_BypassEffects: 0
--- !u!244 &-7873149656778105228
AudioMixerEffectController:
  m_ObjectHideFlags: 3
  m_CorrespondingSourceObject: {fileID: 0}
  m_PrefabInstance: {fileID: 0}
  m_PrefabAsset: {fileID: 0}
  m_Name: 
  m_EffectID: eefe39a2b0c453b428fc45794ae7a6e2
  m_EffectName: Attenuation
  m_MixLevel: ac406758a48f3fd41ad4022696864e3b
  m_Parameters: []
  m_SendTarget: {fileID: 0}
  m_EnableWetMix: 0
  m_Bypass: 0
--- !u!244 &-3328509813085643999
AudioMixerEffectController:
  m_ObjectHideFlags: 3
  m_CorrespondingSourceObject: {fileID: 0}
  m_PrefabInstance: {fileID: 0}
  m_PrefabAsset: {fileID: 0}
  m_Name: 
  m_EffectID: 38d1c332e49ef6643805e077e3642c1b
  m_EffectName: Attenuation
  m_MixLevel: 58ee303dcb49ce74d8ccb7b3548ed0c1
  m_Parameters: []
  m_SendTarget: {fileID: 0}
  m_EnableWetMix: 0
  m_Bypass: 0
--- !u!241 &24100000
AudioMixerController:
  m_ObjectHideFlags: 0
  m_CorrespondingSourceObject: {fileID: 0}
  m_PrefabInstance: {fileID: 0}
  m_PrefabAsset: {fileID: 0}
  m_Name: MusicMixer
  m_OutputGroup: {fileID: 0}
  m_MasterGroup: {fileID: 24300002}
  m_Snapshots:
  - {fileID: 24500006}
  m_StartSnapshot: {fileID: 24500006}
  m_SuspendThreshold: -80
  m_EnableSuspend: 1
  m_UpdateMode: 0
  m_ExposedParameters:
  - guid: 4e8a5bacb4d6d2047bd0439177c5607a
    name: musicVolume
  - guid: a68ff18fb4427254f8e9711b3a4f8b14
    name: sfxVolume
  m_AudioMixerGroupViews:
  - guids:
    - 716fdb6e2d9f48e42a499f5702499f75
    - 33151c1c47b08fe4f95ab59cb0193ced
    - caaa20b728cfe634195d91d6276711b0
    name: View
  m_CurrentViewIndex: 0
  m_TargetSnapshot: {fileID: 24500006}
--- !u!243 &24300002
AudioMixerGroupController:
  m_ObjectHideFlags: 0
  m_CorrespondingSourceObject: {fileID: 0}
  m_PrefabInstance: {fileID: 0}
  m_PrefabAsset: {fileID: 0}
  m_Name: Master
  m_AudioMixer: {fileID: 24100000}
  m_GroupID: 716fdb6e2d9f48e42a499f5702499f75
  m_Children:
  - {fileID: 4381700794116987281}
  - {fileID: -7890923038431615798}
  m_Volume: 0f516e335f4f74a4dbbe5e6ef0f480d4
  m_Pitch: ca077600060c377449e0f4fc68dc0aa8
  m_Send: 00000000000000000000000000000000
  m_Effects:
  - {fileID: 24400004}
  m_UserColorIndex: 0
  m_Mute: 0
  m_Solo: 0
  m_BypassEffects: 0
--- !u!244 &24400004
AudioMixerEffectController:
  m_ObjectHideFlags: 3
  m_CorrespondingSourceObject: {fileID: 0}
  m_PrefabInstance: {fileID: 0}
  m_PrefabAsset: {fileID: 0}
  m_Name: 
  m_EffectID: 166a46e46e9acdf44b3c9d928bd4437d
  m_EffectName: Attenuation
  m_MixLevel: 8892c95468e09a6468aa3fadf7e57652
  m_Parameters: []
  m_SendTarget: {fileID: 0}
  m_EnableWetMix: 0
  m_Bypass: 0
--- !u!245 &24500006
AudioMixerSnapshotController:
  m_ObjectHideFlags: 0
  m_CorrespondingSourceObject: {fileID: 0}
  m_PrefabInstance: {fileID: 0}
  m_PrefabAsset: {fileID: 0}
  m_Name: Snapshot
  m_AudioMixer: {fileID: 24100000}
  m_SnapshotID: a512280bb9e65c5489912ee0e4192eae
  m_FloatValues:
    0f516e335f4f74a4dbbe5e6ef0f480d4: 0
    4e8a5bacb4d6d2047bd0439177c5607a: 0
    a68ff18fb4427254f8e9711b3a4f8b14: 0
  m_TransitionOverrides: {}
--- !u!243 &4381700794116987281
AudioMixerGroupController:
  m_ObjectHideFlags: 0
  m_CorrespondingSourceObject: {fileID: 0}
  m_PrefabInstance: {fileID: 0}
  m_PrefabAsset: {fileID: 0}
  m_Name: Music
  m_AudioMixer: {fileID: 24100000}
  m_GroupID: caaa20b728cfe634195d91d6276711b0
  m_Children: []
  m_Volume: 4e8a5bacb4d6d2047bd0439177c5607a
  m_Pitch: 8eee0909047e94a45bdf933adf521e06
  m_Send: 00000000000000000000000000000000
  m_Effects:
  - {fileID: -3328509813085643999}
  m_UserColorIndex: 0
  m_Mute: 0
  m_Solo: 0
  m_BypassEffects: 0
